<?xml version="1.0" encoding="UTF-8"?>
<root><record><leader>00000cam^a22001937i^4500</leader><controlfield tag="001">000030000</controlfield><controlfield tag="003">FI-MELINDA</controlfield><controlfield tag="005">20141221175522.0</controlfield><controlfield tag="008">890208s1988^^^^sw^|||||||||||||||||swe||</controlfield><datafield tag="020" ind1=" " ind2=" "><subfield code="a">91-38-61844-3</subfield><subfield code="q">inb.</subfield></datafield><datafield tag="035" ind1=" " ind2=" "><subfield code="a">(FI-MELINDA)000030000</subfield></datafield><datafield tag="041" ind1="0" ind2=" "><subfield code="a">swe</subfield></datafield><datafield tag="080" ind1=" " ind2=" "><subfield code="a">339.137</subfield></datafield><datafield tag="080" ind1=" " ind2=" "><subfield code="a">65.012.2</subfield></datafield><datafield tag="100" ind1="0" ind2=" "><subfield code="a">Durö, Robert.</subfield></datafield><datafield tag="245" ind1="1" ind2="0"><subfield code="a">Konkurrensöverlägsenhet :</subfield><subfield code="b">i tio konkreta steg /</subfield><subfield code="c">Robert Durö.</subfield></datafield><datafield tag="260" ind1=" " ind2=" "><subfield code="a">Malmö :</subfield><subfield code="b">Liber,</subfield><subfield code="c">1988.</subfield></datafield><datafield tag="300" ind1=" " ind2=" "><subfield code="a">173 s.</subfield></datafield><datafield tag="336" ind1=" " ind2=" "><subfield code="a">Teksti</subfield></datafield><datafield tag="337" ind1=" " ind2=" "><subfield code="a">ei välittävää laitetta</subfield></datafield><datafield tag="490" ind1="0" ind2=" "><subfield code="a">Bättre ledarskap</subfield></datafield><datafield tag="SID" ind1=" " ind2=" "><subfield code="c">47865</subfield><subfield code="b">alma</subfield></datafield><datafield tag="SID" ind1=" " ind2=" "><subfield code="c">1051957</subfield><subfield code="b">vaari</subfield></datafield><datafield tag="SID" ind1=" " ind2=" "><subfield code="c">8073</subfield><subfield code="b">valpu</subfield></datafield><datafield tag="SID" ind1=" " ind2=" "><subfield code="c">1427442</subfield><subfield code="b">volte</subfield></datafield><datafield tag="CAT" ind1=" " ind2=" "><subfield code="a">ID-VOLTE</subfield><subfield code="b"></subfield><subfield code="c">20100817</subfield><subfield code="l">FIN01</subfield><subfield code="h">1101</subfield></datafield><datafield tag="CAT" ind1=" " ind2=" "><subfield code="a">CONV-ISBD</subfield><subfield code="b"></subfield><subfield code="c">20120401</subfield><subfield code="l">FIN01</subfield><subfield code="h">2017</subfield></datafield><datafield tag="CAT" ind1=" " ind2=" "><subfield code="a">LOAD-FIX</subfield><subfield code="b">30</subfield><subfield code="c">20141221</subfield><subfield code="l">FIN01</subfield><subfield code="h">1755</subfield></datafield><datafield tag="CAT" ind1=" " ind2=" "><subfield code="a">LOAD-FIX</subfield><subfield code="b">30</subfield><subfield code="c">20141221</subfield><subfield code="l">FIN01</subfield><subfield code="h">1755</subfield></datafield><datafield tag="CAT" ind1=" " ind2=" "><subfield code="c">20150121</subfield><subfield code="l">FIN01</subfield><subfield code="h">1150</subfield></datafield><datafield tag="LOW" ind1=" " ind2=" "><subfield code="a">ALMA</subfield></datafield><datafield tag="LOW" ind1=" " ind2=" "><subfield code="a">VAARI</subfield></datafield><datafield tag="LOW" ind1=" " ind2=" "><subfield code="a">VOLTE</subfield></datafield></record>