<record><leader>^^^^^cam^a22001817i^4500</leader><controlfield tag="001">000030001</controlfield><controlfield tag="003">FI-MELINDA</controlfield><controlfield tag="005">20010520183320.0</controlfield><controlfield tag="008">910213s1989^^^^sw^|||||||||||||||||swe||</controlfield><datafield tag="020" ind1=" " ind2=" "><subfield code="a">91-38-61858-3</subfield></datafield><datafield tag="035" ind1=" " ind2=" "><subfield code="a">(FI-MELINDA)000030001</subfield></datafield><datafield tag="041" ind1="0" ind2=" "><subfield code="a">swe</subfield></datafield><datafield tag="080" ind1=" " ind2=" "><subfield code="a">658.012.2</subfield></datafield><datafield tag="100" ind1="0" ind2=" "><subfield code="a">Andberg, Leif.</subfield></datafield><datafield tag="245" ind1="1" ind2="0"><subfield code="a">Marknadsplanen :</subfield><subfield code="b">praktisk handledning för marknadsplanerare /</subfield><subfield code="c">Leif Andberg, Bengt Eliasson.</subfield></datafield><datafield tag="260" ind1=" " ind2=" "><subfield code="a">Malmö :</subfield><subfield code="b">Liber,</subfield><subfield code="c">1989.</subfield></datafield><datafield tag="300" ind1=" " ind2=" "><subfield code="a">112 s. :</subfield><subfield code="b">ill., diagr.</subfield></datafield><datafield tag="336" ind1=" " ind2=" "><subfield code="a">Teksti</subfield></datafield><datafield tag="337" ind1=" " ind2=" "><subfield code="a">ei välittävää laitetta</subfield></datafield><datafield tag="700" ind1="0" ind2=" "><subfield code="a">Eliasson, Bengt.</subfield></datafield><datafield tag="SID" ind1=" " ind2=" "><subfield code="c">47869</subfield><subfield code="b">alma</subfield></datafield><datafield tag="CAT" ind1=" " ind2=" "><subfield code="a">CONV-ISBD</subfield><subfield code="b"></subfield><subfield code="c">20120401</subfield><subfield code="l">FIN01</subfield><subfield code="h">2017</subfield></datafield><datafield tag="CAT" ind1=" " ind2=" "><subfield code="c">20150121</subfield><subfield code="l">FIN01</subfield><subfield code="h">1150</subfield></datafield><datafield tag="LOW" ind1=" " ind2=" "><subfield code="a">ALMA</subfield></datafield></record></root>